@article{miap_arxiv2016,
  title={Active Detection and Localization of Textureless Objects 
         in Cluttered Environments},
  author={Imperoli, Marco and Pretto, Alberto},
  journal={arXiv preprint arXiv:1603.07022},
  year={2016}
}

@misc{tensorflow2015-whitepaper,
title={{TensorFlow}: Large-Scale Machine Learning on Heterogeneous Systems},
url={http://tensorflow.org/},
author={
    Mart\'{\i}n~Abadi and \textit{et al.}},
  year={2015},
}

@ARTICLE{Uijlings13,
  author = {J.R.R. Uijlings and K.E.A. van de Sande and T. Gevers and A.W.M.
	Smeulders},
  title = {Selective Search for Object Recognition},
  journal = {International Journal of Computer Vision},
  year = {2013}
}

@article{Grisetti2007,
 author = {Grisetti, G. and Stachniss, C. and Burgard, W.},
 title = {Improved Techniques for Grid Mapping With Rao-Blackwellized Particle Filters},
 journal = {Trans. Rob.},
 issue_date = {February 2007},
 volume = {23},
 number = {1},
 month = feb,
 year = {2007},
 issn = {1552-3098},
 pages = {34--46}
 } 


@online{moveitweb,
 title = {{MoveIt!}},
 url = {http://moveit.ros.org/}
}%% OK

@online{rosweb,
 title = {{ROS} - {R}obot {O}perating {S}ystem},
 url = {http://wiki.ros.org}
}%% OK

@inproceedings{miap_icvs2015,
  author={Imperoli, M. and Pretto, A.},
  title={{D\textsuperscript{2}CO}: Fast and Robust Registration of {3D}
         Textureless Objects Using the {Directional 
         Chamfer Distance}},
  booktitle={Proc. of 10th International Conference on 
             Computer Vision Systems (ICVS 2015)},
  year={2015},
  pages={316--328}
}

@Book{thrunburgardfox2005,
    author = "Thrun, Sebastian and Burgard, Wolfram  and Fox, Dieter",
    title = "Probabilistic Robotics",
    year = "2005",
    publisher = {The MIT Press}
} 

@article{bastianelli2013line,
  author		= {Bastianelli, Emanuele and 
               Bloisi, Domenico and 
               Capobianco, Roberto and 
               Cossu, Fabrizio and 
               Gemignani, Guglielmo and 
               Iocchi, Luca and 
               Nardi, Daniele},
  title		= {On-line Semantic Mapping},
  journal	= {Proceedings of the 16th International Conference on Advanced Robotics (ICAR)},
  year		= {2013}
}

@article{bastianelliBCGIN13,
  author    = {Emanuele Bastianelli and
               Domenico Bloisi and
               Roberto Capobianco and
               Guglielmo Gemignani and
               Luca Iocchi and
               Daniele Nardi},
  title     = {Knowledge Representation for Robots through Human-Robot
               Interaction},
  journal   = {CoRR},
  volume    = {abs/1307.7351},
  year      = {2013},
  ee        = {http://arxiv.org/abs/1307.7351},
  bibsource = {DBLP, http://dblp.uni-trier.de}
}

@InProceedings{bogoslavskyi-ECMR-13,
  author 	= {I. Bogoslavskyi and O. Vysotska and J. Serafin and G. Grisetti and C. Stachniss},
  title 	= {Efficient Traversability Analysis for Mobile Robots using the Kinect Sensor},
  booktitle = ECMR,
  year 		= {2013},
}

@inproceedings{antonelloVISIGRAPP2014,
  title={Fast Incremental Objects Identification and Localization 
            using Cross-correlation on a 6 DoF Voting Scheme},
  author={Antonello, M. and Pretto, A. and Menegatti, E.},
  booktitle={Proc. of: Proc. of International Joint Conference on 
                   Computer Vision, Imaging and Computer Graphics 
                   Theory and Applications (VISIGRAPP)},
  year={2014},
  pages={499--504}
}

@inproceedings{prettoCASE2013,
  title={Flexible {3D} Localization of Planar Objects for Industrial 
	 Bin-Picking with Monocamera Vision System},
  author={Pretto, A. and Tonello, S. and Menegatti, E.},
  booktitle={Proc. of: IEEE International Conference on 
           Automation Science and Engineering (CASE)},
  year={2013},
  pages={168 -- 175}
}